<?xml version="1.0" encoding="UTF-8"?><record xmlns="http://www.loc.gov/MARC21/slim" xmlns:cinclude="http://apache.org/cocoon/include/1.0" xmlns:zs="http://www.loc.gov/zing/srw/">
  <leader>00569nz  a2200145n  4500</leader>
  <controlfield tag="001">no2006121357</controlfield>
  <controlfield tag="003">DLC</controlfield>
  <controlfield tag="005">20061115075227.0</controlfield>
  <controlfield tag="008">061113n| acannaabn          |n aaa     c</controlfield>
  <datafield tag="010" ind1=" " ind2=" ">
    <subfield code="a">no2006121357</subfield>
  </datafield>
  <datafield tag="035" ind1=" " ind2=" ">
    <subfield code="a">(OCoLC)oca07239505</subfield>
  </datafield>
  <datafield tag="040" ind1=" " ind2=" ">
    <subfield code="a">OCU-Mu</subfield>
    <subfield code="b">eng</subfield>
    <subfield code="c">OCU-Mu</subfield>
  </datafield>
  <datafield tag="100" ind1="1" ind2=" ">
    <subfield code="a">Kaplan, Jérôme,</subfield>
    <subfield code="d">1964-</subfield>
  </datafield>
  <datafield tag="670" ind1=" " ind2=" ">
    <subfield code="a">Casse noisette circus [VR] 2006:</subfield>
    <subfield code="b">container (Jérôme Kaplan, sets and costumes)</subfield>
  </datafield>
  <datafield tag="670" ind1=" " ind2=" ">
    <subfield code="a">Opéra national du Rhin WWW site, Nov. 13, 2006</subfield>
    <subfield code="b">(Jérôme Kaplan; b. 1964, Paris)</subfield>
    <subfield code="u">http://www.opera-national-du-rhin.com/photos/756_DP_Prince_des_pagodes.pdf</subfield>
  </datafield>
</record>